@article{schiel1999,
	title = {Automatic phonetic transcription of non-prompted speech},
	url = {http://epub.ub.uni-muenchen.de/13682/1/schiel_13682.pdf},
	urldate = {2015-10-13},
	author = {Schiel, Florian},
	year = {1999},
}
